@article{zheng20163d,
  title={A 3D feature descriptor recovered from a single 2D palmprint image},
  author={Zheng, Qian and Kumar, Ajay and Pan, Gang},
  journal={IEEE Transactions on Pattern Analysis and Machine Intelligence},
  volume={38},
  number={6},
  pages={1272--1279},
  year={2016},
  publisher={IEEE}
}

@article{kumar2016personal,
  title={Personal identification using minor knuckle patterns from palm dorsal surface},
  author={Kumar, Ajay and Xu, Zhihuan},
  journal={IEEE Transactions on Information Forensics and Security},
  volume={11},
  number={10},
  pages={2338--2348},
  year={2016},
  publisher={IEEE}
}

@article{cappelli2010minutia,
  title={Minutia cylinder-code: A new representation and matching technique for fingerprint recognition},
  author={Cappelli, Raffaele and Ferrara, Matteo and Maltoni, Davide},
  journal={IEEE transactions on pattern analysis and machine intelligence},
  volume={32},
  number={12},
  pages={2128--2141},
  year={2010},
  publisher={IEEE}
}

@article{watson2007user,
  title={User's guide to NIST biometric image software (NBIS)},
  author={Watson, Craig I and Garris, Michael D and Tabassi, Elham and Wilson, Charles L and McCabe, R Michael and Janet, Stanley and Ko, Kenneth},
  year={2007},
  publisher={Citeseer}
}

@misc{verifinger,
  author       = {Verifinger},
  howpublished = {Available: \url{https://www.neurotechnology.com/verifinger.html}},
  year         = {Accessed: 2019}
}

@article{wu2020comprehensive,
  title={A comprehensive survey on graph neural networks},
  author={Wu, Zonghan and Pan, Shirui and Chen, Fengwen and Long, Guodong and Zhang, Chengqi and Philip, S Yu},
  journal={IEEE transactions on neural networks and learning systems},
  volume={32},
  number={1},
  pages={4--24},
  year={2020},
  publisher={IEEE}
}

@inproceedings{detone2018superpoint,
  title={Superpoint: Self-supervised interest point detection and description},
  author={DeTone, Daniel and Malisiewicz, Tomasz and Rabinovich, Andrew},
  booktitle={Proceedings of the IEEE conference on computer vision and pattern recognition workshops},
  pages={224--236},
  year={2018}
}